<?xml version="1.0" encoding="UTF-8"?><collection xmlns="http://www.loc.gov/MARC21/slim"><record><leader>00423nam--2200133-i-4500</leader><controlfield tag="001">000046844</controlfield><controlfield tag="002">20161230</controlfield><controlfield tag="005">20161230201046</controlfield><controlfield tag="008">060222s1000------------r-----000-0-eng-d</controlfield><datafield ind1=" " ind2=" " tag="080"><subfield code="a">541.6:547.7/8(043)</subfield></datafield><datafield ind1=" " ind2=" " tag="100"><subfield code="a">Volanshi,Elena</subfield></datafield><datafield ind1=" " ind2=" " tag="245"><subfield code="a">Contributii la studiul structurii electronice a unor compusi aromatici cu heteroatomi. rezumatul tezei de doctorat</subfield></datafield><datafield ind1=" " ind2=" " tag="260"><subfield code="a">Bucuresti, Inst.Politehnic, 1978. 24 P</subfield></datafield><datafield ind1=" " ind2=" " tag="852"><subfield code="a">44620</subfield></datafield></record></collection>